<record><leader>00000cas a2200000 a 4500</leader><controlfield tag="001">12195625</controlfield><controlfield tag="008">850625d19251930ksuwr ne      0    0eng d</controlfield><datafield ind1=" " ind2=" " tag="010"><subfield code="a">sn 85031622 </subfield></datafield><datafield ind1=" " ind2=" " tag="040"><subfield code="a">KSH</subfield><subfield code="b">eng</subfield><subfield code="c">KSH</subfield><subfield code="d">NPT</subfield><subfield code="d">OCL</subfield><subfield code="d">OCLCQ</subfield></datafield><datafield ind1=" " ind2=" " tag="042"><subfield code="a">msc</subfield></datafield><datafield ind1="0" ind2="4" tag="245"><subfield code="a">The Utica star and courier.</subfield></datafield><datafield ind1=" " ind2=" " tag="260"><subfield code="a">Utica, Kan. :</subfield><subfield code="b">T.H. McGill,</subfield><subfield code="c">-1930.</subfield></datafield><datafield ind1=" " ind2=" " tag="300"><subfield code="a">v. :</subfield><subfield code="b">ill. ;</subfield><subfield code="c">55 cm.</subfield></datafield><datafield ind1=" " ind2=" " tag="310"><subfield code="a">Weekly</subfield></datafield><datafield ind1="0" ind2=" " tag="362"><subfield code="a">-v. 6, no. 19 (May 15, 1930).</subfield></datafield><datafield ind1="1" ind2=" " tag="362"><subfield code="a">Began in Mar. 1925.</subfield></datafield><datafield ind1=" " ind2=" " tag="500"><subfield code="a">Published by: T.H. McGill, Briggs &amp; Briggs, Dec. 13, 1928-Apr. 25, 1929; T.H. McGill &amp; Esther W. Briggs, May 2, 1923; Esther W. Briggs, May 9, 1929-May 15, 1930.</subfield></datafield><datafield ind1=" " ind2=" " tag="588"><subfield code="a">Description based on: Vol. 1, no. 15 (Mar. 19, 1925).</subfield></datafield><datafield ind1=" " ind2=" " tag="752"><subfield code="a">United States</subfield><subfield code="b">Kansas</subfield><subfield code="c">Ness</subfield><subfield code="d">Utica.</subfield></datafield><datafield ind1="0" ind2="0" tag="780"><subfield code="t">Utica courier</subfield><subfield code="w">(DLC)sn 85031621</subfield></datafield><datafield ind1="0" ind2="0" tag="785"><subfield code="t">Utica star-courier</subfield><subfield code="w">(DLC)sn 85031623</subfield></datafield><datafield ind1="1" ind2=" " tag="029"><subfield code="a">AU@</subfield><subfield code="b">000020378990</subfield></datafield></record>